@BOOK{Fossen2011,
author={Fossen, T.I.},
title={Handbook of Marine Craft Hydrodynamics and Motion Control},
journal={Handbook of Marine Craft Hydrodynamics and Motion Control},
publisher={John Wiley \& Sons},
year={2011},
page_count={575},
document_type={Book},
}
